<?xml version="1.0" encoding="UTF-8"?><collection xmlns="http://www.loc.gov/MARC21/slim"><record><leader>00469nam--2200169-i-4500</leader><controlfield tag="001">000005446</controlfield><controlfield tag="002">20161230</controlfield><controlfield tag="005">20170208125821</controlfield><controlfield tag="008">060222s1000------------r-----000-0-eng-d</controlfield><datafield ind1=" " ind2=" " tag="080"><subfield code="a">539.1.074</subfield></datafield><datafield ind1=" " ind2=" " tag="100"><subfield code="a">Arecchi, F. T</subfield></datafield><datafield ind1=" " ind2=" " tag="245"><subfield code="a">Signal to noise ratio and resolving time in pulse amplifiers for nuclear detectors</subfield></datafield><datafield ind1=" " ind2=" " tag="260"><subfield code="a">Milano</subfield><subfield code="b">Instituto Di Fisica Del Politecnico</subfield><subfield code="c">1960</subfield></datafield><datafield ind1=" " ind2=" " tag="300"><subfield code="a">6 p</subfield></datafield><datafield ind1=" " ind2=" " tag="490"><subfield code="a">101</subfield></datafield><datafield ind1=" " ind2=" " tag="852"><subfield code="a">7653</subfield></datafield><datafield ind1=" " ind2=" " tag="CAT"><subfield code="a">SYS</subfield><subfield code="c">20170208</subfield><subfield code="h">125821</subfield></datafield></record></collection>